<?xml version="1.0" encoding="UTF-8"?><collection xmlns="http://www.loc.gov/MARC21/slim"><record><leader>00538nam--2200217-u-4500</leader><controlfield tag="001">000050517</controlfield><controlfield tag="002">20161230</controlfield><controlfield tag="003">82035</controlfield><controlfield tag="005">20161230201048</controlfield><controlfield tag="008">070907s1000------------r-----000-0-eng-d</controlfield><datafield ind1=" " ind2=" " tag="020"><subfield code="a">3-540-00926-4</subfield></datafield><datafield ind1=" " ind2=" " tag="040"><subfield code="a">IFIN-HH</subfield></datafield><datafield ind1=" " ind2=" " tag="080"><subfield code="a">579:577.1:553.63</subfield></datafield><datafield ind1="1" ind2=" " tag="100"><subfield code="a">Ventosa, A. (Ed)</subfield></datafield><datafield ind1="1" ind2="0" tag="245"><subfield code="a">Halophilic Mocroorganisms</subfield><subfield code="c">A. Ventosa (Ed.)</subfield></datafield><datafield ind1=" " ind2=" " tag="260"><subfield code="a">Berlin</subfield><subfield code="b">Springer-Verlag</subfield><subfield code="c">2004</subfield></datafield><datafield ind1=" " ind2=" " tag="300"><subfield code="a">349 p</subfield></datafield><datafield ind1=" " ind2=" " tag="504"><subfield code="a">Includes Index</subfield></datafield><datafield ind1=" " ind2="4" tag="650"><subfield code="a">Trophic Ecology</subfield></datafield><datafield ind1=" " ind2=" " tag="852"><subfield code="c">577.1</subfield></datafield><datafield ind1=" " ind2=" " tag="CAT"><subfield code="a">Sys</subfield><subfield code="c">20110411</subfield><subfield code="h">143017</subfield></datafield></record></collection>